
@misc{CheckersWikipedia,
    author    = "Wikipedia",
    title     = "Checkers",
    url       = "https://simple.wikipedia.org/wiki/Checkers#:~:text=The\%20two\%20sides\%20are\%20called,pieces\%20and\%20\%22double\%20pieces\%22."
}

